<record><leader>00000cas a2200000 a 4500</leader><controlfield tag="001">6950194</controlfield><controlfield tag="007">hd bfu---buuu</controlfield><controlfield tag="008">801118d18241830ncuwr nea     0   a0eng c</controlfield><datafield ind1=" " ind2=" " tag="010"><subfield code="a">sn 95043020 </subfield></datafield><datafield ind1=" " ind2=" " tag="040"><subfield code="a">NGU</subfield><subfield code="b">eng</subfield><subfield code="c">NGU</subfield><subfield code="d">WAU</subfield><subfield code="d">OCL</subfield><subfield code="d">OCLCQ</subfield><subfield code="d">OCLCF</subfield><subfield code="d">OCLCO</subfield></datafield><datafield ind1=" " ind2=" " tag="019"><subfield code="a">15746494</subfield></datafield><datafield ind1=" " ind2=" " tag="042"><subfield code="a">pcc</subfield></datafield><datafield ind1=" " ind2=" " tag="043"><subfield code="a">n-us-nc</subfield></datafield><datafield ind1="0" ind2=" " tag="130"><subfield code="a">Free press (Halifax, N.C.)</subfield></datafield><datafield ind1="1" ind2="0" tag="245"><subfield code="a">Free press</subfield><subfield code="h">[microform].</subfield></datafield><datafield ind1="1" ind2=" " tag="246"><subfield code="i">Title on microfilm t.p.:</subfield><subfield code="a">Free press Tarborough weekly</subfield></datafield><datafield ind1=" " ind2=" " tag="260"><subfield code="a">Halifax, N.C. :</subfield><subfield code="b">G. Howard,</subfield><subfield code="c">1824-1830.</subfield></datafield><datafield ind1=" " ind2=" " tag="300"><subfield code="a">volumes</subfield></datafield><datafield ind1=" " ind2=" " tag="310"><subfield code="a">Weekly</subfield></datafield><datafield ind1=" " ind2=" " tag="336"><subfield code="a">text</subfield><subfield code="b">txt</subfield><subfield code="2">rdacontent</subfield></datafield><datafield ind1=" " ind2=" " tag="337"><subfield code="a">microform</subfield><subfield code="b">h</subfield><subfield code="2">rdamedia</subfield></datafield><datafield ind1=" " ind2=" " tag="338"><subfield code="a">microfilm reel</subfield><subfield code="b">hd</subfield><subfield code="2">rdacarrier</subfield></datafield><datafield ind1="0" ind2=" " tag="362"><subfield code="a">Vol. 1, no. 1 (Mar. 26, 1824)-v. 6, no. 52 (Aug. 20, 1830).</subfield></datafield><datafield ind1=" " ind2=" " tag="500"><subfield code="a">Published in Tarboro, N.C., Aug. 22, 1826-Aug. 20, 1830.</subfield></datafield><datafield ind1=" " ind2=" " tag="515"><subfield code="a">Some issues also carry whole numbering.</subfield></datafield><datafield ind1=" " ind2=" " tag="533"><subfield code="a">Microfilm (negative).</subfield><subfield code="b">Raleigh, N.C.,</subfield><subfield code="c">North Carolina Dept. of Archives and History, Division of Archives and Manuscripts.</subfield><subfield code="e">microfilm reels ; 35 mm.</subfield></datafield><datafield ind1=" " ind2="0" tag="651"><subfield code="a">Halifax (N.C.)</subfield><subfield code="v">Newspapers.</subfield></datafield><datafield ind1=" " ind2="0" tag="651"><subfield code="a">Tarboro (N.C.)</subfield><subfield code="v">Newspapers.</subfield></datafield><datafield ind1=" " ind2="7" tag="655"><subfield code="a">Newspapers.</subfield><subfield code="2">fast</subfield><subfield code="0">(OCoLC)fst01423814</subfield></datafield><datafield ind1=" " ind2="7" tag="651"><subfield code="a">North Carolina</subfield><subfield code="z">Halifax.</subfield><subfield code="2">fast</subfield><subfield code="0">(OCoLC)fst01224381</subfield></datafield><datafield ind1=" " ind2="7" tag="651"><subfield code="a">North Carolina</subfield><subfield code="z">Tarboro.</subfield><subfield code="2">fast</subfield><subfield code="0">(OCoLC)fst01215113</subfield></datafield><datafield ind1="1" ind2=" " tag="710"><subfield code="a">North Carolina.</subfield><subfield code="b">State Department of Archives and History.</subfield></datafield><datafield ind1=" " ind2=" " tag="752"><subfield code="a">United States</subfield><subfield code="b">North Carolina</subfield><subfield code="c">Halifax</subfield><subfield code="d">Halifax.</subfield></datafield><datafield ind1=" " ind2=" " tag="752"><subfield code="a">United States</subfield><subfield code="b">North Carolina</subfield><subfield code="c">Edgecombe</subfield><subfield code="d">Tarboro.</subfield></datafield><datafield ind1="0" ind2="0" tag="785"><subfield code="t">North-Carolina free press</subfield><subfield code="w">(DLC)sn 95043021</subfield><subfield code="w">(OCoLC)6950306</subfield></datafield></record>